@article{luong17,
  author  = {Minh{-}Thang Luong and Eugene Brevdo and Rui Zhao},
  title   = {Neural Machine Translation (seq2seq) Tutorial},
  journal = {https://github.com/tensorflow/nmt},
  year    = {2017},
}

@inproceedings{iwslt15,
  author    = {Mauro Cettolo and Jan Niehues and Sebastian St{\"{u}}ker
               and Luisa Bentivogli
               and Roldano Cattoni 
               and Marcello Federico
              },
  booktitle = {International Workshop on Spoken Language Translation},
  title     = {The {IWSLT} 2015 Evaluation Campaign},
  year      = {2015},
}

@misc{Gokaslan2019OpenWeb,  
	title={OpenWebText Corpus},
	author={Aaron Gokaslan and Vanya Cohen},
	howpublished={\url{http://Skylion007.github.io/OpenWebTextCorpus}}, 
	year={2019}
}

@incollection{LeCun2006ATO,
  title={A Tutorial on Energy-Based Learning},
  author={Yann LeCun and Sumit Chopra and Raia Hadsell and Marc'Aurelio Ranzato and Fu Jie Huang},
  editor = {G{\"o}khan Bak{\i}r and Thomas Hofmann and Bernhard Sch{\"o}lkopf and Alexander J. Smola and Ben  Taskar and S. V. N. Vishwanathan},
  booktitle = {Predicting Structured Data},
  publisher = {MIT Press},
  address = {Cambridge, MA},
  pages = {191--246},
  year={2007}
}

@article{hinton2015distilling,
  title={Distilling the knowledge in a neural network},
  author={Hinton, Geoffrey and Vinyals, Oriol and Dean, Jeff},
  journal={arXiv preprint arXiv:1503.02531},
  year={2015}
}

@inproceedings{Sennrich2016ImprovingNM,
  title={Improving Neural Machine Translation Models with Monolingual Data},
  author={Rico Sennrich and Barry Haddow and Alexandra Birch},
  booktitle={ACL},
  year={2016},
}

@inproceedings{grandvalet2005semi,
  title={Semi-supervised learning by entropy minimization},
  author={Grandvalet, Yves and Bengio, Yoshua},
  booktitle={NeurIPS},
  year={2005}
}

@inproceedings{dai2015semi,
  title={Semi-supervised sequence learning},
  author={Dai, Andrew M and Le, Quoc V},
  booktitle={NeurIPS},
  year={2015}
}

@inproceedings{lee2013pseudo,
  title={Pseudo-label: The simple and efficient semi-supervised learning method for deep neural networks},
  author={Lee, Dong-Hyun},
  booktitle={Workshop on Challenges in Representation Learning, ICML},
  year={2013}
}


@inproceedings{laine2016temporal,
  title={Temporal Ensembling for Semi-Supervised Learning},
  author={Laine, Samuli and Aila, Timo},
  booktitle={ICLR},
  year={2017}
}

@inproceedings{tarvainen2017weight,
  title={Weight-averaged consistency targets improve semi-supervised deep learning results},
  author={Tarvainen, Antti and Valpola, Harri},
  booktitle={Workshop on Learning with Limited Labeled Data, NeurIPS},
  year={2017}
}

@inproceedings{press2017language,
  title={Language generation with recurrent generative adversarial networks without pre-training},
  author={Press, Ofir and Bar, Amir and Bogin, Ben and Berant, Jonathan and Wolf, Lior},
  booktitle={Workshop on Learning to Generate Natural Language, ICML},
  year={2017}
}


@inproceedings{szegedy2014intriguing,
  title={Intriguing properties of neural networks},
  author={Szegedy, Christian and Zaremba, Wojciech and Sutskever, Ilya and Bruna, Joan and Erhan, Dumitru and Goodfellow, Ian and Fergus, Rob},
  booktitle={ICLR},
  year={2014}
}

@book{chapelle2009semi,
 author = {Chapelle, Olivier and Schlkopf, Bernhard and Zien, Alexander},
 title = {Semi-Supervised Learning},
 year = {2006},
 publisher = {The MIT Press},
} 

@article{scudder1965probability,
  title={Probability of error of some adaptive pattern-recognition machines},
  author={Scudder, H},
  journal={IEEE Transactions on Information Theory},
  volume={11},
  number={3},
  pages={363--371},
  year={1965},
  publisher={IEEE}
}

@article{fralick1967learning,
  title={Learning to recognize patterns without a teacher},
  author={Fralick, S},
  journal={IEEE Transactions on Information Theory},
  volume={13},
  number={1},
  pages={57--64},
  year={1967},
  publisher={IEEE}
}

@inproceedings{bachman2014learning,
  title={Learning with pseudo-ensembles},
  author={Bachman, Philip and Alsharif, Ouais and Precup, Doina},
  booktitle={NeurIPS},
  year={2014}
}

@inproceedings{goodfellow2015explaining,
  title={Explaining and harnessing adversarial examples},
  author={Goodfellow, Ian J and Shlens, Jonathon and Szegedy, Christian},
  booktitle={ICLR},
  year={2015}
}

@inproceedings{sajjadi2016regularization,
  title={Regularization with stochastic transformations and perturbations for deep semi-supervised learning},
  author={Sajjadi, Mehdi and Javanmardi, Mehran and Tasdizen, Tolga},
  booktitle={NeurIPS},
  year={2016}
}

@article{polyak1992acceleration,
  title={Acceleration of stochastic approximation by averaging},
  author={Polyak, Boris T and Juditsky, Anatoli B},
  journal={SIAM Journal on Control and Optimization},
  volume={30},
  number={4},
  pages={838--855},
  year={1992},
  publisher={SIAM}
}

@article{zhu2002learning,
  title={Learning from labeled and unlabeled data with label propagation},
  author={Zhu, Xiaojin and Ghahramani, Zoubin},
  year={2002},
  publisher={Technical Report CMU-CALD-02-107, Carnegie Mellon University}
}

@inproceedings{miyato2015distributional,
  title={Distributional smoothing with virtual adversarial training},
  author={Miyato, Takeru and Maeda, Shin-ichi and Koyama, Masanori and Nakae, Ken and Ishii, Shin},
  booktitle={ICLR},
  year={2016}
}

@inproceedings{miyato2016adversarial,
  title={Adversarial Training Methods for Semi-Supervised Text Classification},
  author={Miyato, Takeru and Dai, Andrew M and Goodfellow, Ian},
  booktitle={ICLR},
  year={2017}
}

@article{miyato2017virtual,
  title={Virtual Adversarial Training: a Regularization Method for Supervised and Semi-supervised Learning},
  author={Miyato, Takeru and Maeda, Shin-ichi and Koyama, Masanori and Ishii, Shin},
  journal={arXiv preprint arXiv:1704.03976},
  year={2017}
}

@inproceedings{bulo2016dropout,
  title={Dropout distillation},
  author={Bul{\`o}, Samuel Rota and Porzi, Lorenzo and Kontschieder, Peter},
  booktitle={ICLR},
  year={2016}
}

@inproceedings{blum1998combining,
  title={Combining labeled and unlabeled data with co-training},
  author={Blum, Avrim and Mitchell, Tom},
  booktitle={COLT},
  year={1998},
  organization={ACM}
}

@inproceedings{nigam2000analyzing,
  title={Analyzing the effectiveness and applicability of co-training},
  author={Nigam, Kamal and Ghani, Rayid},
  booktitle={CIKM},
  year={2000},
}

@inproceedings{dai2017good,
  title={Good Semi-supervised Learning that Requires a Bad GAN},
  author={Dai, Zihang and Yang, Zhilin and Yang, Fan and Cohen, William W and Salakhutdinov, Ruslan},
  booktitle={NeurIPS},
  year={2017}
}

@inproceedings{pezeshki2016deconstructing,
  title={Deconstructing the ladder network architecture},
  author={Pezeshki, Mohammad and Fan, Linxi and Brakel, Philemon and Courville, Aaron and Bengio, Yoshua},
  booktitle={ICLR},
  year={2016}
}

@article{papernot2016semi,
  title={Semi-supervised knowledge transfer for deep learning from private training data},
  author={Papernot, Nicolas and Abadi, Mart{\'\i}n and Erlingsson, {\'U}lfar and Goodfellow, Ian and Talwar, Kunal},
  journal={arXiv preprint arXiv:1610.05755},
  year={2016}
}

@inproceedings{zhang2016augmenting,
  title={Augmenting supervised neural networks with unsupervised objectives for large-scale image classification},
  author={Zhang, Yuting and Lee, Kibok and Lee, Honglak},
  booktitle={ICLR},
  year={2016}
}

@article{hu2017anytime,
  title={Anytime Neural Networks via Joint Optimization of Auxiliary Losses},
  author={Hu, Hanzhang and Dey, Debadeepta and Bagnell, J Andrew and Hebert, Martial},
  journal={arXiv preprint arXiv:1708.06832},
  year={2017}
}

@article{dutt2017coupled,
  title={Coupled Ensembles of Neural Networks},
  author={Dutt, Anuvabh and Pellerin, Denis and Qu{\'e}not, Georges},
  journal={arXiv preprint arXiv:1709.06053},
  year={2017}
}

@inproceedings{Mikolov2013DistributedRO,
  title={Distributed Representations of Words and Phrases and their Compositionality},
  author={Tomas Mikolov and Ilya Sutskever and Kai Chen and Gregory S. Corrado and Jeffrey Dean},
  booktitle={NeurIPS},
  year={2013}
}

@inproceedings{nair2010rectified,
  title={Rectified linear units improve restricted boltzmann machines},
  author={Nair, Vinod and Hinton, Geoffrey E},
  booktitle={ICML},
  year={2010}
}

@article{Kirkpatrick2017OvercomingCF,
  title={Overcoming catastrophic forgetting in neural networks},
  author={James Kirkpatrick and Razvan Pascanu and Neil C. Rabinowitz and Joel Veness and Guillaume Desjardins and Andrei A. Rusu and Kieran Milan and John Quan and Tiago Ramalho and Agnieszka Grabska-Barwinska and Demis Hassabis and Claudia Clopath and Dharshan Kumaran and Raia Hadsell},
  journal={Proceedings of the National Academy of Sciences of the United States of America},
  year={2017},
  volume={114 13},
  pages={3521-3526}
}

@inproceedings{plank2016multilingual,
  title={Multilingual part-of-speech tagging with bidirectional long short-term memory models and auxiliary loss},
  author={Plank, Barbara and S{\o}gaard, Anders and Goldberg, Yoav},
  booktitle={ACL},
  year={2016}
}

@inproceedings{rei2017semi,
  title={Semi-supervised Multitask Learning for Sequence Labeling},
  author={Rei, Marek},
  booktitle={ACL},
  year={2017}
}

@article{zhao2016pyramid,
  title={Pyramid scene parsing network},
  author={Zhao, Hengshuang and Shi, Jianping and Qi, Xiaojuan and Wang, Xiaogang and Jia, Jiaya},
  journal={arXiv preprint arXiv:1612.01105},
  year={2016}
}

@inproceedings{szegedy2015going,
  title={Going deeper with convolutions},
  author={Szegedy, Christian and Liu, Wei and Jia, Yangqing and Sermanet, Pierre and Reed, Scott and Anguelov, Dragomir and Erhan, Dumitru and Vanhoucke, Vincent and Rabinovich, Andrew},
  booktitle={CVPR},
  year={2015}
}

@inproceedings{jaderberg2016reinforcement,
  title={Reinforcement learning with unsupervised auxiliary tasks},
  author={Jaderberg, Max and Mnih, Volodymyr and Czarnecki, Wojciech Marian and Schaul, Tom and Leibo, Joel Z and Silver, David and Kavukcuoglu, Koray},
  booktitle={ICLR},
  year={2017}
}

@article{doersch2017multi,
  title={Multi-task Self-Supervised Visual Learning},
  author={Doersch, Carl and Zisserman, Andrew},
  journal={arXiv preprint arXiv:1708.07860},
  year={2017}
}

@inproceedings{krizhevsky2012imagenet,
  title={Imagenet classification with deep convolutional neural networks},
  author={Krizhevsky, Alex and Sutskever, Ilya and Hinton, Geoffrey E},
  booktitle={NeurIPS},
  year={2012}
}

@inproceedings{simard2003best,
  title={Best practices for convolutional neural networks applied to visual document analysis.},
  author={Simard, Patrice Y and Steinkraus, David and Platt, John C and others},
  booktitle={ICDAR},
  year={2003}
}

@inproceedings{ciregan2012multi,
  title={Multi-column deep neural networks for image classification},
  author={Ciregan, Dan and Meier, Ueli and Schmidhuber, J{\"u}rgen},
  booktitle={Computer Vision and Pattern Recognition (CVPR), 2012 IEEE Conference on},
  year={2012},
  organization={IEEE}
}

@inproceedings{peters2017semi,
  title={Semi-supervised sequence tagging with bidirectional language models},
  author={Peters, Matthew E and Ammar, Waleed and Bhagavatula, Chandra and Power, Russell},
  booktitle={ACL},
  year={2017}
}

@inproceedings{ramachandran2016unsupervised,
  title={Unsupervised pretraining for sequence to sequence learning},
  author={Ramachandran, Prajit and Liu, Peter J and Le, Quoc V},
  booktitle={EMNLP},
  year={2017}
}

@inproceedings{reimers2017reporting,
  title={Reporting Score Distributions Makes a Difference: Performance Study of {LSTM}-networks for Sequence Tagging},
  author={Reimers, Nils and Gurevych, Iryna},
  booktitle={EMNLP},
  year={2017}
}

@article{liu2017empower,
  title={Empower Sequence Labeling with Task-Aware Neural Language Model},
  author={Liu, Liyuan and Shang, Jingbo and Xu, Frank and Ren, Xiang and Gui, Huan and Peng, Jian and Han, Jiawei},
  journal={arXiv preprint arXiv:1709.04109},
  year={2017}
}

@article{wu2017shortcut,
  title={Shortcut Sequence Tagging},
  author={Wu, Huijia and Zhang, Jiajun and Zong, Chengqing},
  journal={arXiv preprint arXiv:1701.00576},
  year={2017}
}


@article{chiu2015named,
  title={Named entity recognition with bidirectional {LSTM-CNNs}},
  author={Chiu, Jason PC and Nichols, Eric},
  journal={Transactions of the Association for Computational Linguistics},
  year={2016}
}

@article{Caruana1997MultitaskL,
  title={Multitask Learning},
  author={Rich Caruana},
  journal={Machine Learning},
  year={1997},
}


@inproceedings{Caruana1993MultitaskLA,
  title={Multitask Learning: A Knowledge-Based Source of Inductive Bias},
  author={Rich Caruana},
  booktitle={ICML},
  year={1993}
}



@inproceedings{ling2015finding,
  title={Finding function in form: Compositional character models for open vocabulary word representation},
  author={Ling, Wang and Lu{\'\i}s, Tiago and Marujo, Lu{\'\i}s and Astudillo, Ram{\'o}n Fernandez and Amir, Silvio and Dyer, Chris and Black, Alan W and Trancoso, Isabel},
  booktitle={EMNLP},
  year={2015}
}

@inproceedings{zagoruyko2016wide,
  title={Wide residual networks},
  author={Zagoruyko, Sergey and Komodakis, Nikos},
  booktitle={BMVC},
  year={2016}
}

@article{devries2017improved,
  title={Improved Regularization of Convolutional Neural Networks with Cutout},
  author={DeVries, Terrance and Taylor, Graham W},
  journal={arXiv preprint arXiv:1708.04552},
  year={2017}
}

@inproceedings{pennington2014glove,
  title={Glove: Global vectors for word representation},
  author={Pennington, Jeffrey and Socher, Richard and Manning, Christopher},
  booktitle={EMNLP},
  year={2014}
}

@inproceedings{szegedy2016rethinking,
  title={Rethinking the inception architecture for computer vision},
  author={Szegedy, Christian and Vanhoucke, Vincent and Ioffe, Sergey and Shlens, Jon and Wojna, Zbigniew},
  booktitle={CVPR},
  year={2016}
}

@article{hinton2012improving,
  title={Improving neural networks by preventing co-adaptation of feature detectors},
  author={Hinton, Geoffrey E and Srivastava, Nitish and Krizhevsky, Alex and Sutskever, Ilya and Salakhutdinov, Ruslan R},
  journal={arXiv preprint arXiv:1207.0580},
  year={2012}
}

@inproceedings{ma2016end,
  title={End-to-end sequence labeling via bi-directional {LSTM-CNN-CRF}},
  author={Ma, Xuezhe and Hovy, Eduard},
  booktitle={ACL},
  year={2016}
}

@inproceedings{lample2016neural,
  title={Neural architectures for named entity recognition},
  author={Lample, Guillaume and Ballesteros, Miguel and Subramanian, Sandeep and Kawakami, Kazuya and Dyer, Chris},
  booktitle={ACL},
  year={2016}
}

@article{hockenmaier2007ccgbank,
  title={{CCGbank}: a corpus of {CCG} derivations and dependency structures extracted from the {P}enn Treebank},
  author={Hockenmaier, Julia and Steedman, Mark},
  journal={Computational Linguistics},
  volume={33},
  number={3},
  pages={355--396},
  year={2007},
  publisher={MIT Press}
}

@article{marcus1993building,
  title={Building a large annotated corpus of English: The {P}enn Treebank},
  author={Marcus, Mitchell P and Marcinkiewicz, Mary Ann and Santorini, Beatrice},
  journal={Computational linguistics},
  volume={19},
  number={2},
  pages={313--330},
  year={1993},
  publisher={MIT Press}
}



@inproceedings{tjong2003introduction,
  title={Introduction to the {CoNLL}-2003 shared task: Language-independent named entity recognition},
  author={Tjong Kim Sang, Erik F and De Meulder, Fien},
  booktitle={NAACL-HLT},
  year={2003},
}

@inproceedings{hovy2006ontonotes,
  title={OntoNotes: the 90\% solution},
  author={Hovy, Eduard and Marcus, Mitchell and Palmer, Martha and Ramshaw, Lance and Weischedel, Ralph},
  booktitle={NAACL-HLT},
  year={2006}
}

@article{hochreiter1997long,
  title={Long short-term memory},
  author={Hochreiter, Sepp and Schmidhuber, J{\"u}rgen},
  journal={Neural computation},
  volume={9},
  number={8},
  pages={1735--1780},
  year={1997},
  publisher={MIT {Press}}
}

@inproceedings{graves2013speech,
  title={Speech recognition with deep recurrent neural networks},
  author={Graves, Alex and Mohamed, Abdel-rahman and Hinton, Geoffrey},
  booktitle={ICASSP},
  year={2013},
  organization={IEEE}
}

@article{graves2005framewise,
  title={Framewise phoneme classification with bidirectional {LSTM} and other neural network architectures},
  author={Graves, Alex and Schmidhuber, J{\"u}rgen},
  journal={Neural Networks},
  volume={18},
  number={5},
  pages={602--610},
  year={2005},
  publisher={Elsevier}
}

@article{krizhevsky2009learning,
  title={Learning multiple layers of features from tiny images},
  author={Krizhnevsky, Alex and Hinton, Geoffrey},
  year={2009},
  publisher={Technical report, University of Toronto}
}

@inproceedings{netzer2011reading,
  title={Reading digits in natural images with unsupervised feature learning},
  author={Netzer, Yuval and Wang, Tao and Coates, Adam and Bissacco, Alessandro and Wu, Bo and Ng, Andrew Y},
  booktitle={NeurIPS workshop on deep learning and unsupervised feature learning},
  year={2011}
}

@inproceedings{Hill2016LearningDR,
  title={Learning Distributed Representations of Sentences from Unlabelled Data},
  author={Felix Hill and Kyunghyun Cho and Anna Korhonen},
  booktitle={NAACL-HLT},
  year={2016}
}

@inproceedings{kiros2015skip,
  title={Skip-thought vectors},
  author={Kiros, Ryan and Zhu, Yukun and Salakhutdinov, Ruslan R and Zemel, Richard and Urtasun, Raquel and Torralba, Antonio and Fidler, Sanja},
  booktitle={Advances in neural information processing systems},
  pages={3294--3302},
  year={2015}
}

@article{springenberg2014striving,
  title={Striving for simplicity: The all convolutional net},
  author={Springenberg, Jost Tobias and Dosovitskiy, Alexey and Brox, Thomas and Riedmiller, Martin},
  journal={arXiv preprint arXiv:1412.6806},
  year={2014}
}

@inproceedings{chelba2013one,
  title={One billion word benchmark for measuring progress in statistical language modeling},
  author={Chelba, Ciprian and Mikolov, Tomas and Schuster, Mike and Ge, Qi and Brants, Thorsten and Koehn, Phillipp and Robinson, Tony},
  booktitle={INTERSPEECH},
  year={2014}
}

@article{huang2015bidirectional,
  title={Bidirectional {LSTM-CRF} models for sequence tagging},
  author={Huang, Zhiheng and Xu, Wei and Yu, Kai},
  journal={arXiv preprint arXiv:1508.01991},
  year={2015}
}

@inproceedings{lewis2016lstm,
  author={Lewis, Mike and Lee, Kenton and Zettlemoyer, Luke},
  title={{LSTM CCG} Parsing},
  booktitle={NAACL-HLT},
  year={2016}
}

@inproceedings{salimans2016improved,
  title={Improved techniques for training gans},
  author={Salimans, Tim and Goodfellow, Ian and Zaremba, Wojciech and Cheung, Vicki and Radford, Alec and Chen, Xi},
  booktitle={NeurIPS},
  year={2016}
}

@inproceedings{tjong2000introduction,
  title={Introduction to the {CoNLL}-2000 shared task: Chunking},
  author={Tjong Kim Sang, Erik F and Buchholz, Sabine},
  booktitle={CoNLL},
  year={2000}
}

@inproceedings{jarrett2009best,
  title={What is the best multi-stage architecture for object recognition?},
  author={Jarrett, Kevin and Kavukcuoglu, Koray and LeCun, Yann and others},
  booktitle={IEEE Conference on Computer Vision},
  year={2009}
}


@inproceedings{kingma2014semi,
  title={Semi-supervised learning with deep generative models},
  author={Kingma, Diederik P and Mohamed, Shakir and Rezende, Danilo Jimenez and Welling, Max},
  booktitle={NeurIPS},
  year={2014}
}

@inproceedings{springenberg2015unsupervised,
  title={Unsupervised and semi-supervised learning with categorical generative adversarial networks},
  author={Springenberg, Jost Tobias},
  booktitle={ICLR},
  year={2015}
}

@inproceedings{rasmus2015semi,
  title={Semi-supervised learning with ladder networks},
  author={Rasmus, Antti and Berglund, Mathias and Honkala, Mikko and Valpola, Harri and Raiko, Tapani},
  booktitle={NeurIPS},
  year={2015}
}

@inproceedings{lecun2010convolutional,
  title={Convolutional networks and applications in vision},
  author={LeCun, Yann and Kavukcuoglu, Koray and Farabet, Cl{\'e}ment},
  booktitle={ISCAS},
  year={2010},
  organization={IEEE}
}

@article{polyak1964some,
  title={Some methods of speeding up the convergence of iteration methods},
  author={Polyak, Boris T},
  journal={USSR Computational Mathematics and Mathematical Physics},
  volume={4},
  number={5},
  pages={1--17},
  year={1964},
  publisher={Elsevier}
}

@inproceedings{sutskever2013importance,
  title={On the importance of initialization and momentum in deep learning},
  author={Sutskever, Ilya and Martens, James and Dahl, George and Hinton, Geoffrey},
  booktitle={ICML},
  year={2013}
}

@inproceedings{mikolov2010recurrent,
  title={Recurrent neural network based language model.},
  author={Mikolov, Tomas and Karafi{\'a}t, Martin and Burget, Lukas and Cernock{\`y}, Jan and Khudanpur, Sanjeev},
  booktitle={INTERSPEECH},
  year={2010}
}

@inproceedings{pereyra2017regularizing,
  title={Regularizing neural networks by penalizing confident output distributions},
  author={Pereyra, Gabriel and Tucker, George and Chorowski, Jan and Kaiser, {\L}ukasz and Hinton, Geoffrey},
  booktitle={ICLR},
  year={2017}
}

@inproceedings{choe2016parsing,
  title={Parsing as Language Modeling},
  author={Do Kook Choe and Eugene Charniak},
  booktitle={EMNLP},
  year={2016}
}

@inproceedings{kuncoro2017what,
  title={What Do Recurrent Neural Network Grammars Learn About Syntax?},
  author={Kuncoro, Adhiguna and Ballesteros, Miguel and Kong, Lingpeng and Dyer, Chris and Neubig, Graham and Smith, Noah A.},
  booktitle={EACL},
  year={2017}
}

@article{Liu2017in,
  title={In-Order Transition-based Constituent Parsing},
  author={Jiangming Liu and Yue Zhang},
  journal={TACL},
  year={2017},
}

@inproceedings{Dozat2017Deep,
  title={Deep Biaffine Attention for Neural Dependency Parsing},
  author={Timothy Dozat and Christopher D. Manning},
  booktitle={ICLR},
  year={2017},
}

@inproceedings{shin2019effective,
  title={Effective Sentence Scoring Method Using BERT for Speech Recognition},
  author={Shin, Joonbo and Lee, Yoonhyung and Jung, Kyomin},
  booktitle={Asian Conference on Machine Learning},
  pages={1081--1093},
  year={2019}
}

@inproceedings{shi2017fast,
  title={Fast(er) Exact Decoding and Global Training for Transition-Based Dependency Parsing via a Minimal Feature Set},
  author={Shi, Tianze and Huang, Liang and Lee, Lillian},
  booktitle={EMNLP},
  year={2017},
}

@inproceedings{ma2017neural,
  title={Neural probabilistic model for non-projective MST parsing},
  author={Ma, Xuezhe and Hovy, Eduard},
  booktitle={IJCNLP},
  year={2017}
}

@inproceedings{hashimoto2016joint,
  title={A joint many-task model: Growing a neural network for multiple {NLP} tasks},
  author={Hashimoto, Kazuma and Xiong, Caiming and Tsuruoka, Yoshimasa and Socher, Richard},
  booktitle={EMNLP},
  year={2017}
}

@article{Kiperwasser2016Simple,
  title={Simple and Accurate Dependency Parsing Using Bidirectional LSTM Feature Representations},
  author={Eliyahu Kiperwasser and Yoav Goldberg},
  journal={TACL},
  year={2016}
}

@inproceedings{Chen2014A,
  title={A Fast and Accurate Dependency Parser using Neural Networks},
  author={Danqi Chen and Christopher D. Manning},
  booktitle={EMNLP},
  year={2014}
}

@inproceedings{bahdanau2014neural,
  title={Neural machine translation by jointly learning to align and translate},
  author={Bahdanau, Dzmitry and Cho, Kyunghyun and Bengio, Yoshua},
  booktitle={ICLR},
  year={2015}
}

@inproceedings{springenberg2016unsupervised,
  title={Unsupervised and semi-supervised learning with categorical generative adversarial networks},
  author={Springenberg, Jost Tobias},
  booktitle={ICLR},
  year={2016}
}

@article{odena2016semi,
  title={Semi-supervised learning with generative adversarial networks},
  author={Odena, Augustus},
  journal={arXiv preprint arXiv:1606.01583},
  year={2016}
}

@inproceedings{Luong2015EffectiveAT,
  title={Effective Approaches to Attention-based Neural Machine Translation},
  author={Thang Luong and Hieu Pham and Christopher D. Manning},
  booktitle={EMNLP},
  year={2015}
}

@inproceedings{Kim2016SequenceLevelKD,
  title={Sequence-Level Knowledge Distillation},
  author={Yoon Kim and Alexander M. Rush},
  booktitle={EMNLP},
  year={2016}
}

@inproceedings{Luong2015StanfordNM,
  title={Stanford Neural Machine Translation Systems for Spoken Language Domains},
  author={Minh-Thang Luong and Christopher D. Manning},
  booktitle={IWSLT},
  year={2015}
}

@inproceedings{Wolk2015PJAITSF,
  title={PJAIT Systems for the IWSLT 2015 Evaluation Campaign Enhanced by Comparable Corpora},
  author={Krzysztof Wolk and Krzysztof Marasek},
  booktitle={IWSLT},
  year={2015},
}

@inproceedings{trieujaist,
  title={The JAIST-UET-MITI Machine Translation Systems for IWSLT 2015},
  author={Trieu, Hai-Long and Dang, Thanh-Quyen and Nguyen, Phuong-Thai and Nguyen, Le-Minh},
  booktitle={IWSLT},
  year={2015}
}
@inproceedings{sutskever2014sequence,
  title={Sequence to sequence learning with neural networks},
  author={Sutskever, Ilya and Vinyals, Oriol and Le, Quoc V},
  booktitle={NeurIPS},
  year={2014}
}

@article{Sun2013ASO,
  title={A survey of multi-view machine learning},
  author={Shiliang Sun},
  journal={Neural Computing and Applications},
  year={2013},
  volume={23},
  pages={2031-2038}
}

@article{Xu2013ASO,
  title={A Survey on Multi-view Learning},
  author={Chang Xu and Dacheng Tao and Chao Xu},
  journal={arXiv preprint arXiv:1304.5634},
  year={2013}
}

@inproceedings{peters2018deep,
  title={Deep contextualized word representations},
  author={Peters, Matthew E and Neumann, Mark and Iyyer, Mohit and Gardner, Matt and Clark, Christopher and Lee, Kenton and Zettlemoyer, Luke},
  booktitle={NAACL-HLT},
  year={2018}
}

@inproceedings{wei2018improving,
  title={Improving the Improved Training of {W}asserstein {GAN}s},
  author={Wei, Xiang and Liu, Zixia and Wang, Liqiang and Gong, Boqing},
  booktitle={ICLR},
  year={2018}
}


@inproceedings{sub,
  title={Learning General Purpose Distributed Sentence Representations via Large Scale Multi-task Learning},
  author={Subramanian, Sandeep and Trischler, Adam and Bengio, Yoshua and Pal, Christopher J},
  booktitle={ICLR},
  year={2018}
}

@article{Misra2016CrossStitchNF,
  title={Cross-Stitch Networks for Multi-task Learning},
  author={Ishan Misra and Abhinav Shrivastava and Abhinav Gupta and Martial Hebert},
  journal={CVPR},
  year={2016},
}

@inproceedings{Li2016LearningWF,
  title={Learning Without Forgetting},
  author={Zhizhong Li and Derek Hoiem},
  booktitle={ECCV},
  year={2016}
}

@inproceedings{Plank2016MultilingualPT,
  title={Multilingual Part-of-Speech Tagging with Bidirectional Long Short-Term Memory Models and Auxiliary Loss},
  author={Barbara Plank and Anders S{\o}gaard and Yoav Goldberg},
  booktitle={ACL},
  year={2016},
}

@inproceedings{Collobert2008AUA,
  title={A unified architecture for natural language processing: deep neural networks with multitask learning},
  author={Ronan Collobert and Jason Weston},
  booktitle={ICML},
  year={2008}
}

@inproceedings{Luong2015MultitaskST,
  title={Multi-task Sequence to Sequence Learning},
  author={Minh-Thang Luong and Quoc V. Le and Ilya Sutskever and Oriol Vinyals and Lukasz Kaiser},
  booktitle={ICLR},
  year={2016},
}

@inproceedings{Ruder2017SluiceNL,
  title={Latent Multi-task Architecture Learning},
  author={Sebastian Ruder and Joachim Bingel and Isabelle Augenstein and Anders S{\o}gaard},  
  booktitle={AAAI},
  year={2019},
}

@inproceedings{Sgaard2016DeepML,
  title={Deep multi-task learning with low level tasks supervised at lower layers},
  author={Anders S{\o}gaard and Yoav Goldberg},
  booktitle={ACL},
  year={2016}
}

@inproceedings{Peng2017DeepML,
  title={Deep Multitask Learning for Semantic Dependency Parsing},
  author={Hao Peng and Sam Thomson and Noah A. Smith},
  booktitle={ACL},
  year={2017}
}

@article{holm1979simple,
  title={A simple sequentially rejective multiple test procedure},
  author={Holm, Sture},
  journal={Scandinavian journal of statistics},
  year={1979},
  publisher={JSTOR}
}

@inproceedings{Liu2017AdversarialML,
  title={Adversarial Multi-task Learning for Text Classification},
  author={Pengfei Liu and Xipeng Qiu and Xuanjing Huang},
  booktitle={ACL},
  year={2017}
}

@article{phang2018sentence,
  title={Sentence encoders on {STILT}s: Supplementary training on intermediate labeled-data tasks},
  author={Phang, Jason and F{\'e}vry, Thibault and Bowman, Samuel R},
  journal={arXiv preprint arXiv:1811.01088},
  year={2018}
}

@inproceedings{Plank2017WhenIM,
  title={When is multitask learning effective? {S}emantic sequence prediction under varying data conditions},
  author={Barbara Plank and H{\'e}ctor Mart{\'i}nez Alonso},
  booktitle={EACL},
  year={2017}
}

@inproceedings{Bingel2017IdentifyingBT,
  title={Identifying beneficial task relations for multi-task learning in deep neural networks},
  author={Joachim Bingel and Anders S{\o}gaard},
  booktitle={EACL},
  year={2017}
}

@inproceedings{Zhang2017AGR,
  title={A Generalized Recurrent Neural Architecture for Text Classification with Multi-Task Learning},
  author={Honglun Zhang and Liqiang Xiao and Yongkun Wang and Yaohui Jin},
  booktitle={IJCAI},
  year={2017}
}


@inproceedings{Duong2015LowRD,
  title={Low Resource Dependency Parsing: Cross-lingual Parameter Sharing in a Neural Network Parser},
  author={Long Duong and Trevor Cohn and Steven B Bird and Paul Cook},
  booktitle={ACL},
  year={2015}
}

@article{Ruder2017AnOO,
  title={An Overview of Multi-Task Learning in Deep Neural Networks},
  author={Sebastian Ruder},
  journal={arXiv preprint arXiv:1706.05098},
  year={2017}
}

@article{Zhang2014ImprovingMF,
  title={Improving multiview face detection with multi-task deep convolutional neural networks},
  author={Cha Zhang and Zhengyou Zhang},
  journal={WACV},
  year={2014},
}

@inproceedings{Zhang2014FacialLD,
  title={Facial Landmark Detection by Deep Multi-task Learning},
  author={Zhanpeng Zhang and Ping Luo and Chen Change Loy and Xiaoou Tang},
  booktitle={ECCV},
  year={2014}
}

@article{Ando2005AFF,
  title={A Framework for Learning Predictive Structures from Multiple Tasks and Unlabeled Data},
  author={Rie Kubota Ando and Tong Zhang},
  journal={Journal of Machine Learning Research},
  year={2005},
  volume={6},
  pages={1817-1853}
}

@article{Argyriou2007ConvexMF,
  title={Convex multi-task feature learning},
  author={Andreas Argyriou and Theodoros Evgeniou and Massimiliano Pontil},
  journal={Machine Learning},
  year={2007},
  volume={73},
  pages={243-272}
}

@inproceedings{Evgeniou2004RegularizedML,
  title={Regularized multi--task learning},
  author={Theodoros Evgeniou and Massimiliano Pontil},
  booktitle={KDD},
  year={2004}
}

@inproceedings{BenDavid2003ExploitingTR,
  title={Exploiting Task Relatedness for Multiple Task Learning},
  author={Shai Ben-David},
  year={2003}
}

@inproceedings{Huang2013CrosslanguageKT,
  title={Cross-language knowledge transfer using multilingual deep neural network with shared hidden layers},
  author={Jui-Ting Huang and Jinyu Li and Dong Yu and Li Deng and Yifan Gong},
  booktitle={ICASSP},
  year={2013},
}

@inproceedings{Klerke2016ImprovingSC,
  title={Improving sentence compression by learning to predict gaze},
  author={Sigrid Klerke and Yoav Goldberg and Anders S{\o}gaard},
  booktitle={NAACL-HLT},
  year={2016}
}

@misc{
clark2018cross,
title={Cross-View Training for Semi-Supervised Learning},
author={Kevin Clark and Thang Luong and Quoc V. Le},
year={2018},
url={https://openreview.net/forum?id=BJubPWZRW},
}

@inproceedings{zhang2016stack,
  title={Stack-propagation: Improved representation learning for syntax},
  author={Zhang, Yuan and Weiss, David},
  booktitle={ACL},
  year={2016}
}

@inproceedings{miwa2016end,
  title={End-to-end relation extraction using {LSTM}s on sequences and tree structures},
  author={Miwa, Makoto and Bansal, Mohit},
  booktitle={ACL},
  year={2016}
}

@article{rusu2016progressive,
  title={Progressive neural networks},
  author={Rusu, Andrei A and Rabinowitz, Neil C and Desjardins, Guillaume and Soyer, Hubert and Kirkpatrick, James and Kavukcuoglu, Koray and Pascanu, Razvan and Hadsell, Raia},
  journal={arXiv preprint arXiv:1606.04671},
  year={2016}
}

@inproceedings{Parisotto2016ActorMimicDM,
  title={Actor-Mimic: Deep Multitask and Transfer Reinforcement Learning},
  author={Emilio Parisotto and Jimmy Ba and Ruslan Salakhutdinov},
  booktitle={ICLR},
  year={2016},
}

@inproceedings{teh2017distral,
  title={Distral: Robust multitask reinforcement learning},
  author={Teh, Yee and Bapst, Victor and Czarnecki, Wojciech M and Quan, John and Kirkpatrick, James and Hadsell, Raia and Heess, Nicolas and Pascanu, Razvan},
  booktitle={NeurIPS},
  year={2017}
}

@inproceedings{su2015multi,
  title={Multi-task learning with low rank attribute embedding for person re-identification},
  author={Su, Chi and Yang, Fan and Zhang, Shiliang and Tian, Qi and Davis, Larry S and Gao, Wen},
  booktitle={ICCV},
  year={2015}
}

@inproceedings{thrun1996learning,
  title={Is learning the n-th thing any easier than learning the first?},
  author={Thrun, Sebastian},
  booktitle={NeurIPS},
  year={1996}
}

@inproceedings{huang2013cross,
  title={Cross-language knowledge transfer using multilingual deep neural network with shared hidden layers},
  author={Huang, Jui-Ting and Li, Jinyu and Yu, Dong and Deng, Li and Gong, Yifan},
  booktitle={ICASSP},
  year={2013},
}

@inproceedings{strubell2017fast,
  title={Fast and accurate sequence labeling with iterated dilated convolutions},
  author={Strubell, Emma and Verga, Patrick and Belanger, David and McCallum, Andrew},
  booktitle={EMNLP},
  year={2017}
}

@inproceedings{McDonald2006MultilingualDA,
  title={Multilingual Dependency Analysis with a Two-Stage Discriminative Parser},
  author={Ryan T. McDonald and Kevin Lerman and Fernando Pereira},
  booktitle={CoNLL},
  year={2006}
}

@article{kaiser2017one,
  title={One model to learn them all},
  author={Kaiser, Lukasz and Gomez, Aidan N and Shazeer, Noam and Vaswani, Ashish and Parmar, Niki and Jones, Llion and Uszkoreit, Jakob},
  journal={arXiv preprint arXiv:1706.05137},
  year={2017}
}

@article{wu2016google,
  title={Google's neural machine translation system: Bridging the gap between human and machine translation},
  author={Wu, Yonghui and Schuster, Mike and Chen, Zhifeng and Le, Quoc V and Norouzi, Mohammad and Macherey, Wolfgang and Krikun, Maxim and Cao, Yuan and Gao, Qin and Macherey, Klaus and others},
  journal={arXiv preprint arXiv:1609.08144},
  year={2016}
}

@inproceedings{Sindhwani2005ACA,
  title={A Co-Regularization Approach to Semi-supervised Learning with Multiple Views},
  booktitle={ICML Workshop on
Learning with Multiple Views},
  author={Vikas Sindhwani and Mikhail Belkin},
  year={2005}
}

@article{Swayamdipta2017FrameSemanticPW,
  title={Frame-Semantic Parsing with Softmax-Margin Segmental RNNs and a Syntactic Scaffold},
  author={Swabha Swayamdipta and Sam Thomson and Chris Dyer and Noah A. Smith},
  journal={arXiv preprint arXiv:1609.08144},
  year={2017},
}

@article{Ammar2016ManyLO,
  title={Many Languages, One Parser},
  author={Waleed Ammar and George Mulcaire and Miguel Ballesteros and Chris Dyer and Noah A. Smith},
  journal={TACL},
  year={2016}
}

@inproceedings{McCann2017LearnedIT,
  title={Learned in Translation: Contextualized Word Vectors},
  author={Bryan McCann and James Bradbury and Caiming Xiong and Richard Socher},
  booktitle={NeurIPS},
  year={2017}
}

@inproceedings{Conneau2017SupervisedLO,
  title={Supervised Learning of Universal Sentence Representations from Natural Language Inference Data},
  author={Alexis Conneau and Douwe Kiela and Holger Schwenk and Lo{\"i}c Barrault and Antoine Bordes},
  booktitle={EMNLP},
  year={2017}
}

@inproceedings{
subramanian2018learning,
title={Learning General Purpose Distributed Sentence Representations via Large Scale Multi-task Learning},
author={Sandeep Subramanian and Adam Trischler and Yoshua Bengio and Christopher J Pal},
booktitle={ICLR},
year={2018},
}


@inproceedings{ma2018stack,
  title={Stack-Pointer Networks for Dependency Parsing},
  author={Ma, Xuezhe and Hu, Zecong and Liu, Jingzhou and Peng, Nanyun and Neubig, Graham and Hovy, Eduard},
  booktitle={ACL},
  year={2018}
}

@inproceedings{yarowsky1995unsupervised,
  title={Unsupervised word sense disambiguation rivaling supervised methods},
  author={Yarowsky, David},
  booktitle={ACL},
  year={1995},
}

@inproceedings{mcclosky2006effective,
  title={Effective self-training for parsing},
  author={McClosky, David and Charniak, Eugene and Johnson, Mark},
  booktitle={ACL},
  year={2006},
}

@article{zhou2005tri,
  title={Tri-training: Exploiting unlabeled data using three classifiers},
  author={Zhou, Zhi-Hua and Li, Ming},
  journal={IEEE Transactions on knowledge and Data Engineering},
  year={2005}
}

@inproceedings{howard2018universal,
  title={
Universal Language Model Fine-tuning for Text Classification},
  author={Howard, Jeremy and Ruder, Sebastian},
  booktitle={ACL},
  year={2018}
}

@inproceedings{ruder2018strong,
  title={Strong Baselines for Neural Semi-supervised Learning under Domain Shift},
  author={Ruder, Sebastian and Plank, Barbara},
  booktitle={ACL},
  year={2018}
}

@article{radford2018improving,
  title={Improving Language Understanding by Generative Pre-Training},
  author={Radford, Alec and Narasimhan, Karthik and Salimans, Tim and Sutskever, Ilya},
  year={2018},
    journal={https://blog.openai.com/language-unsupervised}
}

@article{verma2018manifold,
  title={Manifold Mixup: Encouraging Meaningful On-Manifold Interpolation as a Regularizer},
  author={Verma, Vikas and Lamb, Alex and Beckham, Christopher and Courville, Aaron and Mitliagkis, Ioannis and Bengio, Yoshua},
  journal={arXiv preprint arXiv:1806.05236},
  year={2018}
}

@inproceedings{zhang2017mixup,
  title={mixup: Beyond empirical risk minimization},
  author={Zhang, Hongyi and Cisse, Moustapha and Dauphin, Yann N and Lopez-Paz, David},
  booktitle={ICLR},
  year={2018}
}

@inproceedings{furlanello2018born,
  title={Born again neural networks},
  author={Furlanello, Tommaso and Lipton, Zachary C and Tschannen, Michael and Itti, Laurent and Anandkumar, Anima},
  booktitle={ICML},
  year={2018}
}

@article{luo2017smooth,
  title={Smooth Neighbors on Teacher Graphs for Semi-supervised Learning},
  author={Luo, Yucen and Zhu, Jun and Li, Mengxi and Ren, Yong and Zhang, Bo},
  journal={arXiv preprint arXiv:1711.00258},
  year={2017}
}

@article{park2017adversarial,
  title={Adversarial Dropout for Supervised and Semi-supervised Learning},
  author={Park, Sungrae and Park, Jun-Keon and Shin, Su-Jin and Moon, Il-Chul},
  journal={arXiv preprint arXiv:1707.03631},
  year={2017}
}

@article{mccann2018natural,
  title={The natural language decathlon: Multitask learning as question answering},
  author={McCann, Bryan and Keskar, Nitish Shirish and Xiong, Caiming and Socher, Richard},
  journal={arXiv preprint arXiv:1806.08730},
  year={2018}
}

@inproceedings{devlin2018bert,
  title={{BERT}: Pre-training of deep bidirectional transformers for language understanding},
  author={Devlin, Jacob and Chang, Ming-Wei and Lee, Kenton and Toutanova, Kristina},
  booktitle={NAACL-HLT},
  year={2019}
}

@article{liu2019multi,
  title={Multi-Task Deep Neural Networks for Natural Language Understanding},
  author={Liu, Xiaodong and He, Pengcheng and Chen, Weizhu and Gao, Jianfeng},
  journal={arXiv preprint arXiv:1901.11504},
  year={2019}
}

@inproceedings{clark2018semi,
  title = {Semi-Supervised Sequence Modeling with Cross-View Training},
  author = {Kevin Clark and Minh-Thang Luong and Christopher D. Manning and Quoc V. Le},
  booktitle = {EMNLP},
  year = {2018}
}

@inproceedings{sanh2018hierarchical,
  title={A hierarchical multi-task approach for learning embeddings from semantic tasks},
  author={Sanh, Victor and Wolf, Thomas and Ruder, Sebastian},
  booktitle={AAAI},
  year={2019}
}



@inproceedings{wang2018glue,
  title={{GLUE}: A multi-task benchmark and analysis platform for natural language understanding},
  author={Wang, Alex and Singh, Amapreet and Michael, Julian and Hill, Felix and Levy, Omer and Bowman, Samuel R},
  booktitle={ICLR},
  year={2019}
}

@inproceedings{
tan2018multilingual,
title={Multilingual Neural Machine Translation with Knowledge Distillation},
author={Xu Tan and Yi Ren and Di He and Tao Qin and Tie-Yan Liu},
booktitle={ICLR},
year={2019},
}

@inproceedings{Sennrich2016NeuralMT,
  title={Neural Machine Translation of Rare Words with Subword Units},
  author={Rico Sennrich and Barry Haddow and Alexandra Birch},
  booktitle={ACL},
  year={2016},
}

@article{bowman2018looking,
  title={Looking for {ELM}o's friends: Sentence-Level Pretraining Beyond Language Modeling},
  author={Bowman, Samuel R and Pavlick, Ellie and Grave, Edouard and Van Durme, Benjamin and Wang, Alex and Hula, Jan and Xia, Patrick and Pappagari, Raghavendra and McCoy, R Thomas and Patel, Roma and others},
  journal={arXiv preprint arXiv:1812.10860},
  year={2018}
}

@inproceedings{Vaswani2017AttentionIA,
  title={Attention Is All You Need},
  author={Ashish Vaswani and Noam Shazeer and Niki Parmar and Jakob Uszkoreit and Llion Jones and Aidan N. Gomez and Lukasz Kaiser and Illia Polosukhin},
  booktitle={NeurIPS},
  year={2017}
}

@article{Liu2019ImprovingMD ,
  title={Improving Multi-Task Deep Neural Networks via Knowledge Distillation for Natural Language Understanding},
  author={Xiaodong Liu and Pengcheng He and Weizhu Chen and Jianfeng Gao},
  journal={arXiv preprint arXiv:1904.09482},
  year={2019}
}

@inproceedings{Giampiccolo2007TheTP,
  title={The Third PASCAL Recognizing Textual Entailment Challenge},
  author={Danilo Giampiccolo and Bernardo Magnini and Ido Dagan and William B. Dolan},
  booktitle={ACL-PASCAL@ACL},
  year={2007}
}

@article{Warstadt2018NeuralNA,
  title={Neural Network Acceptability Judgments},
  author={Alex Warstadt and Amanpreet Singh and Samuel R. Bowman},
  journal={arXiv preprint arXiv:1805.12471},
  year={2018}
}

@inproceedings{Socher2013RecursiveDM,
  title={Recursive Deep Models for Semantic Compositionality Over a Sentiment Treebank},
  author={Richard Socher and Alex Perelygin and Jean Wu and Jason Chuang and Christopher D. Manning and Andrew Y. Ng and Christopher Potts},
  booktitle={EMNLP},
  year={2013}
}

@inproceedings{Rajpurkar2016SQuAD10,
  title={SQuAD: 100, 000+ Questions for Machine Comprehension of Text},
  author={Pranav Rajpurkar and Jian Zhang and Konstantin Lopyrev and Percy S. Liang},
  booktitle={EMNLP},
  year={2016}
}

@inproceedings{Dolan2005AutomaticallyCA,
  title={Automatically Constructing a Corpus of Sentential Paraphrases},
  author={William B. Dolan and Chris Brockett},
  booktitle={IWP@IJCNLP},
  year={2005}
}

@inproceedings{Levesque2011TheWS,
  title={The Winograd Schema Challenge},
  author={Hector J. Levesque},
  booktitle={AAAI Spring Symposium: Logical Formalizations of Commonsense Reasoning},
  year={2011}
}

@inproceedings{Williams2018ABC,
  title={A Broad-Coverage Challenge Corpus for Sentence Understanding through Inference},
  author={Adina Williams and Nikita Nangia and Samuel R. Bowman},
  booktitle={NAACL-HLT},
  year={2018}
}

@inproceedings{buciluǎ2006model,
  title={Model compression},
  author={Buciluǎ, Cristian and Caruana, Rich and Niculescu-Mizil, Alexandru},
  booktitle={SIGKDD},
  year={2006}
}

@inproceedings{Cer2017SemEval2017T1,
  title={SemEval-2017 Task 1: Semantic Textual Similarity Multilingual and Crosslingual Focused Evaluation},
  author={Daniel M. Cer and Mona T. Diab and Eneko Agirre and I{\~n}igo Lopez-Gazpio and Lucia Specia},
  booktitle={SemEval@ACL},
  year={2017}
}

@article{keskar2019unifying,
  title={Unifying Question Answering and Text Classification via Span Extraction},
  author={Keskar, Nitish Shirish and McCann, Bryan and Xiong, Caiming and Socher, Richard},
  journal={arXiv preprint arXiv:1904.09286},
  year={2019}
}

@inproceedings{Ba2014DoDN,
  title={Do Deep Nets Really Need to be Deep?},
  author={Jimmy Ba and Rich Caruana},
  booktitle={NeurIPS},
  year={2014}
}

@inproceedings{Blevins2018DeepRE,
  title={Deep RNNs Encode Soft Hierarchical Syntax},
  author={Terra Blevins and Omer Levy and Luke S. Zettlemoyer},
  booktitle={ACL},
  year={2018}
}

@inproceedings{Shi2016DoesSN,
  title={Does String-Based Neural MT Learn Source Syntax?},
  author={Xing Shi and Inkit Padhi and Kevin Knight},
  booktitle={EMNLP},
  year={2016}
}

@inproceedings{Kuncoro2016DistillingAE,
  title={Distilling an Ensemble of Greedy Dependency Parsers into One MST Parser},
  author={Adhiguna Kuncoro and Miguel Ballesteros and Lingpeng Kong and Chris Dyer and Noah A. Smith},
  booktitle={EMNLP},
  year={2016}
}

@inproceedings{mou2016distilling,
  title={Distilling word embeddings: An encoding approach},
  author={Mou, Lili and Jia, Ran and Xu, Yan and Li, Ge and Zhang, Lu and Jin, Zhi},
  booktitle={CIKM},
  year={2016}
}

@misc{QQP,
  title={First {Q}uora Dataset Release: Question Pairs},
  author={Shankar Iyer and Nikhil Dandekar and Kornél Csernai},
  year={2017},
  url={https://data.quora.com/First-Quora-Dataset-Release-Question-Pairs}
}

@article{Snorkel,
  title={Massive Multi-Task Learning with Snorkel MeTaL: Bringing More Supervision to Bear},
  author={Braden Hancock and Clara McCreery and Ines Chami and Vincent Chen and Sen Wu and Jared Dunnmon and Paroma Varma and Max Lam and Chris Ré},
  year={2019},
  url={https://dawn.cs.stanford.edu/2019/03/22/glue/}
}

%Learn hypernymy, textual entailment, image captioning
@inproceedings{Vendrov2015OrderEmbeddingsOI,
  title={Order-Embeddings of Images and Language},
  author={Ivan Vendrov and Ryan Kiros and Sanja Fidler and Raquel Urtasun},
  booktitle={ICLR},
  year={2016},
}

@article{schwartz2019green,
  title={Green {AI}},
  author={Schwartz, Roy and Dodge, Jesse and Smith, Noah A. and Etzioni, Oren},
  journal={arXiv preprint arXiv:1907.10597},
  year={2019}
}

@inproceedings{Strubell2019EnergyAP,
  title={Energy and Policy Considerations for Deep Learning in NLP},
  author={Emma Strubell and Ananya Ganesh and Andrew McCallum},
  booktitle={ACL},
  year={2019}
}


% TransE, Link-prediction, KBC
@inproceedings{Bordes2013TranslatingEF,
  title={Translating Embeddings for Modeling Multi-relational Data},
  author={Antoine Bordes and Nicolas Usunier and Alberto Garc{\'i}a-Dur{\'a}n and Jason Weston and Oksana Yakhnenko},
  booktitle={NeurIPS},
  year={2013}
}

% Smith and Eisner (2005) also
%propose a contrastive criterion which estimates the likelihood of the data conditioned to a “negative”
%neighborhood. 

% Ranking objective for learning words
@article{Collobert2011NaturalLP,
  title={Natural Language Processing (almost) from Scratch},
  author={Ronan Collobert and Jason Weston and L{\'e}on Bottou and Michael Karlen and Koray Kavukcuoglu and Pavel P. Kuksa},
  journal={JMLR},
  year={2011},
}

@inproceedings{Gutmann2010NoisecontrastiveEA,
  title={Noise-contrastive estimation: A new estimation principle for unnormalized statistical models},
  author={Michael Gutmann and Aapo Hyv{\"a}rinen},
  booktitle={AISTATS},
  year={2010}
}

@inproceedings{Jean2014OnUV,
  title={On Using Very Large Target Vocabulary for Neural Machine Translation},
  author={S{\'e}bastien Jean and Kyunghyun Cho and Roland Memisevic and Yoshua Bengio},
  booktitle={ACL},
  year={2014}
}

@inproceedings{Bose2018AdversarialCE,
  title={Adversarial Contrastive Estimation},
  author={Avishek Joey Bose and Huan Ling and Yanshuai Cao},
  booktitle={ACL},
  year={2018}
}

% https://arxiv.org/pdf/1906.05849.pdf?

% CPC: score positive example higher than negative ones
@article{Oord2018RepresentationLW,
  title={Representation Learning with Contrastive Predictive Coding},
  author={A{\"a}ron van den Oord and Yazhe Li and Oriol Vinyals},
  journal={arXiv preprint arXiv:1807.03748},
  year={2018}
}

@article{Williams1992SimpleSG,
  title={Simple Statistical Gradient-Following Algorithms for Connectionist Reinforcement Learning},
  author={Ronald J. Williams},
  journal={Machine Learning},
  volume = 8,
  number = {3-–4},
  pages = {229--256},
  year={1992},
}

% Original paper
@inproceedings{Smith2005ContrastiveET,
  title={Contrastive Estimation: Training Log-Linear Models on Unlabeled Data},
  author={Noah A. Smith and Jason Eisner},
  booktitle={ACL},
  year={2005}
}

% Different definition of "contrastive"
@inproceedings{Saunshi2019ATA,
  title={A Theoretical Analysis of Contrastive Unsupervised Representation Learning},
  author={Nikunj Saunshi and Orestis Plevrakis and Sanjeev Arora and Mikhail Khodak and Hrishikesh Khandeparkar},
  booktitle={ICML},
  year={2019}
}

% Hmmmmmmmmm
@article{Sun2019ContrastiveBT,
  title={Contrastive Bidirectional Transformer for Temporal Representation Learning},
  author={Chen Sun and Fabien Baradel and Kevin Murphy and Cordelia Schmid},
  journal={ArXiv},
  year={2019},
  volume={abs/1906.05743}
}

@article{Tian2019ContrastiveMC,
  title={Contrastive Multiview Coding},
  author={Yonglong Tian and Dilip Krishnan and Phillip Isola},
  journal={ArXiv},
  year={2019},
  volume={abs/1906.05849}
}

@inproceedings{Brock2018LargeSG,
title={Large Scale {GAN} Training for High Fidelity Natural Image Synthesis},
author={Andrew Brock and Jeff Donahue and Karen Simonyan},
booktitle={ICLR},
year={2019}
}

@inproceedings{Fedus2018MaskGANBT,
  title={Mask{GAN}: Better Text Generation via Filling in the \_\_\_\_\_\_\_},
  author={William Fedus and Ian J. Goodfellow and Andrew M. Dai},
  booktitle={ICLR},
  year={2018}
}

@article{you2019reducing,
  title={Reducing BERT Pre-Training Time from 3 Days to 76 Minutes},
  author={You, Yang and Li, Jing and Hseu, Jonathan and Song, Xiaodan and Demmel, James and Hsieh, Cho-Jui},
  journal={arXiv preprint arXiv:1904.00962},
  year={2019}
}

@inproceedings{kingma2014adam,
  title={Adam: A method for stochastic optimization},
  author={Kingma, Diederik P and Ba, Jimmy},
booktitle={ICLR},
  year={2015}
}

@article{Doersch2015UnsupervisedVR,
  title={Unsupervised Visual Representation Learning by Context Prediction},
  author={Carl Doersch and Abhinav Gupta and Alexei A. Efros},
  journal={ICCV},
  year={2015},
}

% ECCV
@article{Noroozi2016UnsupervisedLO,
  title={Unsupervised Learning of Visual Representations by Solving Jigsaw Puzzles},
  author={Mehdi Noroozi and Paolo Favaro},
  journal={ArXiv},
  year={2016},
  volume={abs/1603.09246}
}

@inproceedings{Mikolov2013EfficientEO,
  title={Efficient Estimation of Word Representations in Vector Space},
  author={Tomas Mikolov and Kai Chen and Gregory S. Corrado and Jeffrey Dean},
  booktitle={ICLR Workshop Papers},
  year={2013}
}

@inproceedings{Goodfellow2014GenerativeAN,
  title={Generative Adversarial Nets},
  author={Ian J. Goodfellow and Jean Pouget-Abadie and Mehdi Mirza and Bing Xu and David Warde-Farley and Sherjil Ozair and Aaron C. Courville and Yoshua Bengio},
  booktitle={NeurIPS},
  year={2014}
}

% :)
@article{Wang2015UnsupervisedLO,
  title={Unsupervised Learning of Visual Representations Using Videos},
  author={Xiaolong Wang and Abhinav Gupta},
  journal={ICCV},
  year={2015}
}

@article{Schroff2015FaceNetAU,
  title={FaceNet: A unified embedding for face recognition and clustering},
  author={Florian Schroff and Dmitry Kalenichenko and James Philbin},
  journal={2015 IEEE Conference on Computer Vision and Pattern Recognition (CVPR)},
  year={2015},
  pages={815-823}
}

@article{Weinberger2005DistanceML,
  title={Distance Metric Learning for Large Margin Nearest Neighbor Classification},
  author={Kilian Q. Weinberger and Lawrence K. Saul},
  journal={J. Mach. Learn. Res.},
  year={2005},
  volume={10},
  pages={207-244}
}

@article{Chopra2005LearningAS,
  title={Learning a similarity metric discriminatively, with application to face verification},
  author={Sumit Chopra and Raia Hadsell and Yann LeCun},
  journal={CVPR},
  year={2005}
}



@article{Sermanet2017TimeContrastiveNS,
  title={Time-Contrastive Networks: Self-Supervised Learning from Video},
  author={Pierre Sermanet and Corey Lynch and Yevgen Chebotar and Jasmine Hsu and Eric Jang and Stefan Schaal and Sergey Levine},
  journal={ICRA},
  year={2017},
}

@inproceedings{hyvarinen2016unsupervised,
  title={Unsupervised feature extraction by time-contrastive learning and nonlinear ICA},
  author={Hyvarinen, Aapo and Morioka, Hiroshi},
  booktitle={Advances in Neural Information Processing Systems},
  pages={3765--3773},
  year={2016}
}

% Like us!
@inproceedings{Logeswaran2018AnEF,
  title={An efficient framework for learning sentence representations},
  author={Lajanugen Logeswaran and Honglak Lee},
  booktitle={ICLR},
  year={2018}
}

@inproceedings{Pagliardini2017UnsupervisedLO,
  title={Unsupervised Learning of Sentence Embeddings using Compositional n-Gram Features},
  author={Matteo Pagliardini and Prakhar Gupta and Martin Jaggi},
  booktitle={NAACL-HLT},
  year={2017}
}

@article{joshi2019spanbert,
  title={Span{BERT}: Improving pre-training by representing and predicting spans},
  author={Joshi, Mandar and Chen, Danqi and Liu, Yinhan and Weld, Daniel S and Zettlemoyer, Luke and Levy, Omer},
  journal={arXiv preprint arXiv:1907.10529},
  year={2019}
}

@inproceedings{song2019mass,
  title={{MASS}: Masked sequence to sequence pre-training for language generation},
  author={Song, Kaitao and Tan, Xu and Qin, Tao and Lu, Jianfeng and Liu, Tie-Yan},
  booktitle={ICML},
  year={2019}
} 

@article{liu2019roberta,
  title={Ro{BERT}a: A robustly optimized {BERT} pretraining approach},
  author={Liu, Yinhan and Ott, Myle and Goyal, Naman and Du, Jingfei and Joshi, Mandar and Chen, Danqi and Levy, Omer and Lewis, Mike and Zettlemoyer, Luke and Stoyanov, Veselin},
  journal={arXiv preprint arXiv:1907.11692},
  year={2019}
}

@article{wang2019structbert,
  title={StructBERT: Incorporating Language Structures into Pre-training for Deep Language Understanding},
  author={Wang, Wei and Bi, Bin and Yan, Ming and Wu, Chen and Bao, Zuyi and Peng, Liwei and Si, Luo},
  journal={arXiv preprint arXiv:1908.04577},
  year={2019}
}

@inproceedings{yang2019xlnet,
  title={{XLN}et: Generalized Autoregressive Pretraining for Language Understanding},
  author={Yang, Zhilin and Dai, Zihang and Yang, Yiming and Carbonell, Jaime and Salakhutdinov, Ruslan and Le, Quoc V},
  booktitle={NeurIPS},
  year={2019}
}

@article{lample2019cross,
  title={Cross-lingual language model pretraining},
  author={Lample, Guillaume and Conneau, Alexis},
  journal={arXiv preprint arXiv:1901.07291},
  year={2019}
}

@article{Zhu2015AligningBA,
  title={Aligning Books and Movies: Towards Story-Like Visual Explanations by Watching Movies and Reading Books},
  author={Yukun Zhu and Ryan Kiros and Richard S. Zemel and Ruslan Salakhutdinov and Raquel Urtasun and Antonio Torralba and Sanja Fidler},
  journal={ICCV},
  year={2015},
}

@article{Caccia2018LanguageGF,
  title={Language {GAN}s Falling Short},
  author={Massimo Caccia and Lucas Caccia and William Fedus and Hugo Larochelle and Joelle Pineau and Laurent Charlin},
  journal={arXiv preprint arXiv:1811.02549},
  year={2018}
}

@inproceedings{Tevet2018EvaluatingTG,
  title={Evaluating Text GANs as Language Models},
  author={Guy Tevet and Gavriel Habib and Vered Shwartz and Jonathan Berant},
  booktitle={NAACL-HLT},
  year={2018}
}
@misc{callan2009clueweb09,
  title={Clueweb09 data set},
  author={Callan, Jamie and Hoy, Mark and Yoo, Changkuk and Zhao, Le},
  year={2009},
  url = {https://lemurproject.org/clueweb09.php/}
}

@misc{ParkerGiga,
  title={English Gigaword, fifth edition},
  author={Robert Parker and David Graff and Junbo Kong and Ke Chen and Kazuaki Maeda},
  year={2011},
  howpublished={Technical report, Linguistic Data Consortium, Philadelphia}
}

@inproceedings{radford2015unsupervised,
  title={Unsupervised representation learning with deep convolutional generative adversarial networks},
  author={Radford, Alec and Metz, Luke and Chintala, Soumith},
  booktitle={ICLR},
  year={2016}
}

@inproceedings{donahue2016adversarial,
  title={Adversarial feature learning},
  author={Donahue, Jeff and Kr{\"a}henb{\"u}hl, Philipp and Darrell, Trevor},
  booktitle={ICLR},
  year={2017}
}

@article{henaff2019data,
  title={Data-efficient image recognition with contrastive predictive coding},
  author={H{\'e}naff, Olivier J and Razavi, Ali and Doersch, Carl and Eslami, SM and Oord, Aaron van den},
  journal={arXiv preprint arXiv:1905.09272},
  year={2019}
}

@article{sun2019ernie,
  title={ERNIE: Enhanced Representation through Knowledge Integration},
  author={Sun, Yu and Wang, Shuohuan and Li, Yukun and Feng, Shikun and Chen, Xuyi and Zhang, Han and Tian, Xin and Zhu, Danxiang and Tian, Hao and Wu, Hua},
  journal={arXiv preprint arXiv:1904.09223},
  year={2019}
}

@inproceedings{dong2019unified,
  title={Unified Language Model Pre-training for Natural Language Understanding and Generation},
  author={Dong, Li and Yang, Nan and Wang, Wenhui and Wei, Furu and Liu, Xiaodong and Wang, Yu and Gao, Jianfeng and Zhou, Ming and Hon, Hsiao-Wuen},
  booktitle={NeurIPS},
  year={2019}
}

@inproceedings{Yu2016SeqGANSG,
  title={Seq{GAN}: Sequence Generative Adversarial Nets with Policy Gradient},
  author={Lantao Yu and Weinan Zhang and Jun Wang and Yingrui Yu},
  booktitle={AAAI},
  year={2017},
}

@inproceedings{zhang2017adversarial,
  title={Adversarial feature matching for text generation},
  author={Zhang, Yizhe and Gan, Zhe and Fan, Kai and Chen, Zhi and Henao, Ricardo and Shen, Dinghan and Carin, Lawrence},
  booktitle={ICML},
  year={2017},
}

@inproceedings{Clark2019BAMBM,
  title={{BAM}! {B}orn-Again Multi-Task Networks for Natural Language Understanding},
  author={Kevin Clark and Minh-Thang Luong and Urvashi Khandelwal and Christopher D. Manning and Quoc V. Le},
  booktitle={ACL},
  year={2019}
}

@inproceedings{vincent2008extracting,
  title={Extracting and composing robust features with denoising autoencoders},
  author={Vincent, Pascal and Larochelle, Hugo and Bengio, Yoshua and Manzagol, Pierre-Antoine},
  booktitle={ICML},
  year={2008},
}

@article{jiao2019tinybert,
  title={TinyBERT: Distilling BERT for natural language understanding},
  author={Jiao, Xiaoqi and Yin, Yichun and Shang, Lifeng and Jiang, Xin and Chen, Xiao and Li, Linlin and Wang, Fang and Liu, Qun},
  journal={arXiv preprint arXiv:1909.10351},
  year={2019}
}

@inproceedings{lan2019albert,
  title={{ALBERT}: A lite {BERT} for self-supervised learning of language representations},
  author={Lan, Zhenzhong and Chen, Mingda and Goodman, Sebastian and Gimpel, Kevin and Sharma, Piyush and Soricut, Radu},
  booktitle={ICLR},
  year={2020}
}

@misc{sunmobilebert,
  title={Mobile{BERT}: TASK-AGNOSTIC COMPRESSION OF BERT FOR RESOURCE LIMITED DEVICES},
  author={Sun, Zhiqing and Yu, Hongkun and Song, Xiaodan and Liu, Renjie and Yang, Yimin\Eg and Zhou, Denny},
  year={2019},
  url={https://openreview.net/forum?id=SJxjVaNKwB}
}

@inproceedings{baevski2019cloze,
  title={Cloze-driven Pretraining of Self-attention Networks},
  author={Alexei Baevski and Sergey Edunov and Yinhan Liu and Luke Zettlemoyer and Michael Auli},
  booktitle={EMNLP},
  year={2019}
}

@inproceedings{Ma2018NoiseCE,
  title={Noise Contrastive Estimation and Negative Sampling for Conditional Models: Consistency and Statistical Efficiency},
  author={Zhuang Ma and Michael Collins},
  booktitle={EMNLP},
  year={2018}
}

@article{Goodfellow2015OnDC,
  title={On distinguishability criteria for estimating generative models},
  author={Ian J. Goodfellow},
  journal={arXiv: Machine Learning},
  year={2015}
}

@inproceedings{Shin2019EffectiveSS,
  title={Effective Sentence Scoring Method Using {BERT} for Speech Recognition},
  author={Joonbo Shin and Yoonhyung Lee and Kyomin Jung},
  booktitle={ACML},
  year={2019}
}

@article{Wang2019BERTHA,
  title={{BERT} has a Mouth, and It Must Speak: {BERT} as a Markov Random Field Language Model},
  author={Alex Wang and Kyunghyun Cho},
  journal={arXiv preprint arXiv:1902.04094},
  year={2019},
}

@inproceedings{Salazar2019MaskedLM,
  title={Masked Language Model Scoring},
  author={Julian Salazar and Davis Liang and Toan Q. Nguyen and Katrin Kirchhoff},
  booktitle={ACL},
  year={2020}
}

@inproceedings{Mnih2013LearningWE,
  title={Learning word embeddings efficiently with noise-contrastive estimation},
  author={Andriy Mnih and Koray Kavukcuoglu},
  booktitle={NeurIPS},
  year={2013}
}

@inproceedings{Levy2014NeuralWE,
  title={Neural Word Embedding as Implicit Matrix Factorization},
  author={Omer Levy and Yoav Goldberg},
  booktitle={NeurIPS},
  year={2014}
}

@article{Jzefowicz2016ExploringTL,
  title={Exploring the Limits of Language Modeling},
  author={Rafal J{\'o}zefowicz and Oriol Vinyals and Mike Schuster and Noam Shazeer and Yonghui Wu},
  journal={arXiv preprint arXiv:1602.02410},
  year={2016}
}

@inproceedings{clark2020electra,
  title = {{ELECTRA}: Pre-training Text Encoders as Discriminators Rather Than Generators},
  author = {Kevin Clark and Minh-Thang Luong and Quoc V. Le and Christopher D. Manning},
  booktitle = {ICLR},
  year = {2020}
}

@article{Du2019ImplicitGA,
  title={Implicit Generation and Generalization in Energy-Based Models},
  author={Yilun Du and Igor Mordatch},
  journal={arXiv preprint arXiv:1903.08689},
  year={2019},
}

@inproceedings{Gao2019FlowCE,
  title={Flow Contrastive Estimation of Energy-Based Models},
  author={Ruiqi Gao and Erik Nijkamp and Diederik P. Kingma and Zhen Xu and Andrew M. Dai and Ying Nian Wu},
  booktitle={Bayesian Deep Learning Workshop @NeurIPS},
  year={2019},
}

@article{Kumar2019MaximumEG,
  title={Maximum Entropy Generators for Energy-Based Models},
  author={Rithesh Kumar and Anirudh Goyal and Aaron C. Courville and Yoshua Bengio},
  journal={ArXiv},
  year={2019},
  volume={abs/1901.08508}
}


@article{Bakhtin2020EnergyBasedMF,
  title={Energy-Based Models for Text},
  author={Anton Bakhtin and Yuntian Deng and Sam Gross and Myle Ott and Marc'Aurelio Ranzato and Arthur Szlam},
  journal={ArXiv},
  year={2020},
  volume={abs/2004.10188}
}

@inproceedings{Deng2020ResidualEM,
  title={Residual Energy-Based Models for Text Generation},
  author={Yuntian Deng and Anton Bakhtin and Myle Ott and Arthur Szlam},
   booktitle = {ICLR},
  year={2020},
}

@inproceedings{Wang2015TransdimensionalRF,
  title={Trans-dimensional Random Fields for Language Modeling},
  author={Bin Wang and Zhijian Ou and Zhiqiang Tan},
  booktitle={ACL},
  year={2015}
}

@article{Wang2018LearningNT,
  title={Learning Neural Trans-Dimensional Random Field Language Models with Noise-Contrastive Estimation},
  author={Bin Wang and Zhijian Ou},
  journal={ICASSP},
  year={2018},
}

@inproceedings{Parshakova2019GlobalAM,
  title={Global Autoregressive Models for Data-Efficient Sequence Learning},
  author={Tetiana Parshakova and Jean-Marc Andreoli and Marc Dymetman},
  booktitle={CoNLL},
  year={2019}
}

@article{Rosenfeld2001WholesentenceEL,
  title={Whole-sentence exponential language models: {A} vehicle for linguistic-statistical integration},
  author={Ronald Rosenfeld and Stanley F. Chen and Xiaojin Zhu},
  journal={Comput. Speech Lang.},
  year={2001},
  volume={15},
  pages={55-73}
}

@article{Hinton2002TrainingPO,
  title={Training Products of Experts by Minimizing Contrastive Divergence},
  author={Geoffrey E. Hinton},
  journal={Neural Computation},
  year={2002},
  volume={14},
  pages={1771-1800}
}

@article{Dayan1995TheHM,
  title={The {H}elmholtz Machine},
  author={Peter Dayan and Geoffrey E. Hinton and Radford M. Neal and Richard S. Zemel},
  journal={Neural Computation},
  year={1995},
  volume={7},
  pages={889-904}
}

@article{Panayotov2015LibrispeechAA,
  title={Librispeech: An ASR corpus based on public domain audio books},
  author={Vassil Panayotov and Guoguo Chen and Daniel Povey and Sanjeev Khudanpur},
  journal={ICASSP},
  year={2015},
}

@inproceedings{Shin2019EffectiveSS,
  title={Effective Sentence Scoring Method Using BERT for Speech Recognition},
  author={Joonbo Shin and Yoonhyung Lee and Kyomin Jung},
  booktitle={ACML},
  year={2019}
}

@inproceedings{Watanabe2018ESPnetES,
  title={ESPnet: End-to-End Speech Processing Toolkit},
  author={Shinji Watanabe and Takaaki Hori and Shigeki Karita and Tomoki Hayashi and Jiro Nishitoba and Yuya Unno and Nelson Enrique Yalta Soplin and Jahn Heymann and Matthew Wiesner and Nanxin Chen and Adithya Renduchintala and Tsubasa Ochiai},
  booktitle={INTERSPEECH},
  year={2018}
}

@misc{Radford2019LanguageMA,
  title={Language Models are Unsupervised Multitask Learners},
  author={Alec Radford and Jeffrey Wu and Rewon Child and David Luan and Dario Amodei and Ilya Sutskever},
  howpublished={Technical Report},
  year={2019}
}

@article{Taylor1953ClozePA,
  title={``{C}loze procedure": a new tool for measuring readability.},
  author={Wilson L. Taylor},
  journal={Journalism \& Mass Communication Quarterly},
  year={1953},
  volume={30},
  pages={415-433}
}

@inproceedings{rajpurkar2018know,
  title={Know what you don't know: Unanswerable questions for {SQuAD}},
  author={Rajpurkar, Pranav and Jia, Robin and Liang, Percy},
  booktitle={NAACL-HLT},
  year={2018}
}

@article{reimers2018comparing,
  title={Why comparing single performance scores does not allow to draw conclusions about machine learning approaches},
  author={Reimers, Nils and Gurevych, Iryna},
  journal={arXiv preprint arXiv:1803.09578},
  year={2018}
}

@article{dodge2020fine,
  title={Fine-tuning pretrained language models: Weight initializations, data orders, and early stopping},
  author={Dodge, Jesse and Ilharco, Gabriel and Schwartz, Roy and Farhadi, Ali and Hajishirzi, Hannaneh and Smith, Noah},
  journal={arXiv preprint arXiv:2002.06305},
  year={2020}
}

@inproceedings{Shaw2018SelfAttentionWR,
  title={Self-Attention with Relative Position Representations},
  author={Peter Shaw and Jakob Uszkoreit and Ashish Vaswani},
  booktitle={NAACL-HLT},
  year={2018}
}
